@misc{netlogo,
title = {{NetLogo} Home Page},
url = {https://ccl.northwestern.edu/netlogo/},
note = {Accessed on 2024-01-10},
type = {WEBSITE}
}

@misc{catalunya,
author = {Marios Ntaflos},
title = {Success Story | Buchanan helps Ferrocarrils de la Generalitat de Catalunya Transform Pla√ßa de Catalunya Station into a Highly-Functioning Transport Hub},
url =  {https://blog.virtuosity.com/catalunya-station-gets-legion-pedestrian-simulation},
type = {WEBSITE}
}

@cite{moscow,
title = {Assessing Moscow Metro Station Blueprint with Crowd Simulation Software},
url = {https://www.anylogic.com/resources/case-studies/assessing-moscow-metro-station-blueprint-with-crowd-simulation-approach/},
type = {WEBSITE}
}
